@misc{rumelhart1986researchv2,
  title={{Research Group, Parallel distributed processing: explorations in the microstructure of cognition, vol. 2: psychological and biological models}},
  author={Rumelhart, D.E. and McClelland, J.L. and CORPORATE, PDP},
  year={1986},
  publisher={MIT Press, Cambridge, MA}
}

@book{rumelhart1986researchv1,
  title={{Research Group, Parallel distributed processing: explorations in the microstructure of cognition, vol. 1: foundations}},
  author={Rumelhart, D.E. and McClelland, J.L. and CORPORATE, PDP},
  year={1986},
  publisher={MIT Press, Cambridge, MA}
}

@article{licklider1968computer,
  title={{The computer as a communication device}},
  author={Licklider, J.C.R. and Taylor, R.W.},
  journal={Science and technology},
  volume={76},
  pages={21--31},
  year={1968},
  publisher={Citeseer}
}

@article{kieras1997overview,
  title={{An overview of the EPIC architecture for cognition and performance with application to human-computer interaction}},
  author={Kieras, D.E. and Meyer, D.E.},
  journal={Human-Computer Interaction},
  volume={12},
  number={4},
  pages={391--438},
  year={1997},
  publisher={L. Erlbaum Associates Inc. Hillsdale, NJ, USA}
}