%% This BibTeX bibliography file was created using BibDesk.
%% http://bibdesk.sourceforge.net/


@article{EVE2007,
	Author = {Eve, A. B.},
	Date-Added = {2007-02-22 13:59:22 -0500},
	Date-Modified = {2007-02-22 14:00:17 -0500},
	Isi = {ISI:EVE987654321},
	Issn = {0123-4567},
	Journal = {PHYSICAL REVIEW Z},
	Number = {3},
	Pages = {1--2},
	Publication-Type = {J},
	Title = {New and Novel Results re-determined in redundant determinant research.},
	Volume = {1},
	Year = {2007}}

@inproceedings{McG2002,
 author = {Michael McGeachie and Jon Doyle},
 title = {Efficient utility functions for ceteris paribus preferences},
 booktitle = {Eighteenth national conference on Artificial intelligence},
 year = {2002},
 isbn = {0-262-51129-0},
 pages = {279--284},
 location = {Edmonton, Alberta, Canada},
 publisher = {American Association for Artificial Intelligence},
 address = {Menlo Park, CA, USA},
 }
