%% This BibTeX bibliography file was created using BibDesk.
%% http://bibdesk.sourceforge.net/


%% Created for reuben at 2009-07-21 20:11:07 -0400 


%% Saved with string encoding Unicode (UTF-8) 



@misc{kieras,
	Author = {David E Kieras},
	Date-Added = {2009-07-21 15:38:30 -0400},
	Date-Modified = {2009-07-21 20:11:07 -0400},
	Keywords = {cognitive architectures},
	Title = {A Survey of cognitive architectures},
	Bdsk-File-1 = {YnBsaXN0MDDUAQIDBAUGCQpYJHZlcnNpb25UJHRvcFkkYXJjaGl2ZXJYJG9iamVjdHMSAAGGoNE
HCFRyb290gAFfEA9OU0tleWVkQXJjaGl2ZXKoCwwXGBkdJCVVJG51bGzTDQ4PEBEUViRjbGFzc1
dOUy5rZXlzWk5TLm9iamVjdHOAB6ISE4ACgAOiFRaABIAGWWFsaWFzRGF0YVxyZWxhdGl2ZVBhd
GjSDRobHFdOUy5kYXRhgAVPEQISAAAAAAISAAIAAAxNYWNpbnRvc2ggSEQAAAAAAAAAAAAAAAAA
AADE2INmSCsAAACW1BQaMmJfQXJjaGl0ZWN0dXJlX1N1cnZleS5wZGYAAAAAAAAAAAAAAAAAAAA
AAAAAAAAAAAAAAAAAAAAAAAAAAAAAAJbTrsaLj+0AAAAAAAAAAAABAAMAAAkgAAAAAAAAAAAAAA
AAAAAAF0NvZ25pdGl2ZSBBcmNoaXRlY3R1cmVzAAAQAAgAAMTYu6YAAAARAAgAAMaLyC0AAAABA
BgAltQUAFh+ogAjzKAADGD7AAwvaQALMa0AAgBkTWFjaW50b3NoIEhEOlVzZXJzOnJldWJlbjpD
b3Vyc2VzOlJlc2VhcmNoOlBhcGVyczpDb2duaXRpdmUgQXJjaGl0ZWN0dXJlczoyYl9BcmNoaXR
lY3R1cmVfU3VydmV5LnBkZgAOADYAGgAyAGIAXwBBAHIAYwBoAGkAdABlAGMAdAB1AHIAZQBfAF
MAdQByAHYAZQB5AC4AcABkAGYADwAaAAwATQBhAGMAaQBuAHQAbwBzAGgAIABIAEQAEgBXVXNlc
nMvcmV1YmVuL0NvdXJzZXMvUmVzZWFyY2gvUGFwZXJzL0NvZ25pdGl2ZSBBcmNoaXRlY3R1cmVz
LzJiX0FyY2hpdGVjdHVyZV9TdXJ2ZXkucGRmAAATAAEvAAAVAAIADf//AADSHh8gIVgkY2xhc3N
lc1okY2xhc3NuYW1loyEiI11OU011dGFibGVEYXRhVk5TRGF0YVhOU09iamVjdF8QPC4uL1BhcG
Vycy9Db2duaXRpdmUgQXJjaGl0ZWN0dXJlcy8yYl9BcmNoaXRlY3R1cmVfU3VydmV5LnBkZtIeH
yYnoicjXE5TRGljdGlvbmFyeQAIABEAGgAfACkAMgA3ADoAPwBBAFMAXABiAGkAcAB4AIMAhQCI
AIoAjACPAJEAkwCdAKoArwC3ALkCzwLUAt0C6ALsAvoDAQMKA0kDTgNRAAAAAAAAAgEAAAAAAAA
AKAAAAAAAAAAAAAAAAAAAA14=}}

@article{353486,
	Address = {New York, NY, USA},
	Author = {Ritter, Frank E. and Baxter, Gordon D. and Jones, Gary and Young, Richard M.},
	Date-Added = {2009-07-21 14:30:45 -0400},
	Date-Modified = {2009-07-21 14:31:08 -0400},
	Doi = {http://doi.acm.org/10.1145/353485.353486},
	Issn = {1073-0516},
	Journal = {ACM Trans. Comput.-Hum. Interact.},
	Keywords = {cognitive modelling, programming environments},
	Number = {2},
	Pages = {141--173},
	Publisher = {ACM},
	Title = {Supporting cognitive models as users},
	Volume = {7},
	Year = {2000},
	Bdsk-File-1 = {YnBsaXN0MDDUAQIDBAUGCQpYJHZlcnNpb25UJHRvcFkkYXJjaGl2ZXJYJG9iamVjdHMSAAGGoNE
HCFRyb290gAFfEA9OU0tleWVkQXJjaGl2ZXKoCwwXGBkdJCVVJG51bGzTDQ4PEBEUViRjbGFzc1
dOUy5rZXlzWk5TLm9iamVjdHOAB6ISE4ACgAOiFRaABIAGWWFsaWFzRGF0YVxyZWxhdGl2ZVBhd
GjSDRobHFdOUy5kYXRhgAVPEQHaAAAAAAHaAAIAAAxNYWNpbnRvc2ggSEQAAAAAAAAAAAAAAAAA
AADE2INmSCsAAABYhSoPcDE0MS1yaXR0ZXIucGRmAAAAAAAAAAAAAAAAAAAAAAAAAAAAAAAAAAA
AAAAAAAAAAAAAAAAAAAAAAAAAAAAAAJbHF8aLf3QAAAAAAAAAAAABAAMAAAkgAAAAAAAAAAAAAA
AAAAAAE0NvZ25pdGl2ZSBNb2RlbGxpbmcAABAACAAAxNi7pgAAABEACAAAxou3tAAAAAEAGABYh
SoAWH6iACPMoAAMYPsADC9pAAsxrQACAFVNYWNpbnRvc2ggSEQ6VXNlcnM6cmV1YmVuOkNvdXJz
ZXM6UmVzZWFyY2g6UGFwZXJzOkNvZ25pdGl2ZSBNb2RlbGxpbmc6cDE0MS1yaXR0ZXIucGRmAAA
OACAADwBwADEANAAxAC0AcgBpAHQAdABlAHIALgBwAGQAZgAPABoADABNAGEAYwBpAG4AdABvAH
MAaAAgAEgARAASAEhVc2Vycy9yZXViZW4vQ291cnNlcy9SZXNlYXJjaC9QYXBlcnMvQ29nbml0a
XZlIE1vZGVsbGluZy9wMTQxLXJpdHRlci5wZGYAEwABLwAAFQACAA3//wAA0h4fICFYJGNsYXNz
ZXNaJGNsYXNzbmFtZaMhIiNdTlNNdXRhYmxlRGF0YVZOU0RhdGFYTlNPYmplY3RfEC0uLi9QYXB
lcnMvQ29nbml0aXZlIE1vZGVsbGluZy9wMTQxLXJpdHRlci5wZGbSHh8mJ6InI1xOU0RpY3Rpb2
5hcnkACAARABoAHwApADIANwA6AD8AQQBTAFwAYgBpAHAAeACDAIUAiACKAIwAjwCRAJMAnQCqA
K8AtwC5ApcCnAKlArACtALCAskC0gMCAwcDCgAAAAAAAAIBAAAAAAAAACgAAAAAAAAAAAAAAAAA
AAMX}}

@article{55510,
	Address = {New York, NY, USA},
	Author = {Whitescarver,, J. and Mukherji,, P. and Turoff,, M. and DeBlock,Jr., R. J. and Czech,, R. M. and Paul,, B. K.},
	Date-Added = {2009-04-30 11:55:46 -0400},
	Date-Modified = {2009-04-30 11:56:39 -0400},
	Doi = {http://doi.acm.org/10.1145/55483.55510},
	Issn = {0146-4833},
	Journal = {SIGCOMM Comput. Commun. Rev.},
	Keywords = {cooperative work},
	Number = {5},
	Pages = {260--272},
	Publisher = {ACM},
	Title = {A network environment for computer-supported cooperative work},
	Volume = {17},
	Year = {1987},
	Bdsk-File-1 = {YnBsaXN0MDDUAQIDBAUGCQpYJHZlcnNpb25UJHRvcFkkYXJjaGl2ZXJYJG9iamVjdHMSAAGGoNE
HCFRyb290gAFfEA9OU0tleWVkQXJjaGl2ZXKoCwwXGBkdJCVVJG51bGzTDQ4PEBEUViRjbGFzc1
dOUy5rZXlzWk5TLm9iamVjdHOAB6ISE4ACgAOiFRaABIAGWWFsaWFzRGF0YVxyZWxhdGl2ZVBhd
GjSDRobHFdOUy5kYXRhgAVPEQH6AAAAAAH6AAIAAAxNYWNpbnRvc2ggSEQAAAAAAAAAAAAAAAAA
AADE2INmSCsAAABisNcVcDI2MC13aGl0ZXNjYXJ2ZXIucGRmAAAAAAAAAAAAAAAAAAAAAAAAAAA
AAAAAAAAAAAAAAAAAAAAAAAAAAAAAAGH5nsYeXcoAAAAAAAAAAAABAAQAAAkgAAAAAAAAAAAAAA
AAAAAACEZpbmlzaGVkABAACAAAxNi7pgAAABEACAAAxh6WCgAAAAEAHABisNcAYfK5AFh+ogAjz
KAADGD7AAwvaQALMa0AAgBjTWFjaW50b3NoIEhEOlVzZXJzOnJldWJlbjpDb3Vyc2VzOlJlc2Vh
cmNoOlBhcGVyczpDb2xsYWJvcmF0aXZlIFdvcms6RmluaXNoZWQ6cDI2MC13aGl0ZXNjYXJ2ZXI
ucGRmAAAOACwAFQBwADIANgAwAC0AdwBoAGkAdABlAHMAYwBhAHIAdgBlAHIALgBwAGQAZgAPAB
oADABNAGEAYwBpAG4AdABvAHMAaAAgAEgARAASAFZVc2Vycy9yZXViZW4vQ291cnNlcy9SZXNlY
XJjaC9QYXBlcnMvQ29sbGFib3JhdGl2ZSBXb3JrL0ZpbmlzaGVkL3AyNjAtd2hpdGVzY2FydmVy
LnBkZgATAAEvAAAVAAIADf//AADSHh8gIVgkY2xhc3Nlc1okY2xhc3NuYW1loyEiI11OU011dGF
ibGVEYXRhVk5TRGF0YVhOU09iamVjdF8QOy4uL1BhcGVycy9Db2xsYWJvcmF0aXZlIFdvcmsvRm
luaXNoZWQvcDI2MC13aGl0ZXNjYXJ2ZXIucGRm0h4fJieiJyNcTlNEaWN0aW9uYXJ5AAgAEQAaA
B8AKQAyADcAOgA/AEEAUwBcAGIAaQBwAHgAgwCFAIgAigCMAI8AkQCTAJ0AqgCvALcAuQK3ArwC
xQLQAtQC4gLpAvIDMAM1AzgAAAAAAAACAQAAAAAAAAAoAAAAAAAAAAAAAAAAAAADRQ==}}

@electronic{levin1985:lm,
	Author = {Michael I. Levin},
	Date-Added = {2009-03-31 12:46:12 -0400},
	Date-Modified = {2009-03-31 12:49:45 -0400},
	Keywords = {lisp, manual},
	Title = {Lisp 1.5 Programmers Manual},
	Urldate = {03/31/2009},
	Bdsk-File-1 = {YnBsaXN0MDDUAQIDBAUGCQpYJHZlcnNpb25UJHRvcFkkYXJjaGl2ZXJYJG9iamVjdHMSAAGGoNE
HCFRyb290gAFfEA9OU0tleWVkQXJjaGl2ZXKoCwwXGBkdJCVVJG51bGzTDQ4PEBEUViRjbGFzc1
dOUy5rZXlzWk5TLm9iamVjdHOAB6ISE4ACgAOiFRaABIAGWWFsaWFzRGF0YVxyZWxhdGl2ZVBhd
GjSDRobHFdOUy5kYXRhgAVPEQHsAAAAAAHsAAIAAAxNYWNpbnRvc2ggSEQAAAAAAAAAAAAAAAAA
AADE2INmSCsAAABZlgofTElTUCAxLjUgUHJvZ3JhbW1lcnMgTWFudWFsLnBkZgAAAAAAAAAAAAA
AAAAAAAAAAAAAAAAAAAAAAAAAAAAAAFlMI8X2xqUAAAAAAAAAAAABAAMAAAkgAAAAAAAAAAAAAA
AAAAAABExpc3AAEAAIAADE2LumAAAAEQAIAADF9v7lAAAAAQAYAFmWCgBYfqIAI8ygAAxg+wAML
2kACzGtAAIAVk1hY2ludG9zaCBIRDpVc2VyczpyZXViZW46Q291cnNlczpSZXNlYXJjaDpQYXBl
cnM6TGlzcDpMSVNQIDEuNSBQcm9ncmFtbWVycyBNYW51YWwucGRmAA4AQAAfAEwASQBTAFAAIAA
xAC4ANQAgAFAAcgBvAGcAcgBhAG0AbQBlAHIAcwAgAE0AYQBuAHUAYQBsAC4AcABkAGYADwAaAA
wATQBhAGMAaQBuAHQAbwBzAGgAIABIAEQAEgBJVXNlcnMvcmV1YmVuL0NvdXJzZXMvUmVzZWFyY
2gvUGFwZXJzL0xpc3AvTElTUCAxLjUgUHJvZ3JhbW1lcnMgTWFudWFsLnBkZgAAEwABLwAAFQAC
AA3//wAA0h4fICFYJGNsYXNzZXNaJGNsYXNzbmFtZaMhIiNdTlNNdXRhYmxlRGF0YVZOU0RhdGF
YTlNPYmplY3RfEC4uLi9QYXBlcnMvTGlzcC9MSVNQIDEuNSBQcm9ncmFtbWVycyBNYW51YWwucG
Rm0h4fJieiJyNcTlNEaWN0aW9uYXJ5AAgAEQAaAB8AKQAyADcAOgA/AEEAUwBcAGIAaQBwAHgAg
wCFAIgAigCMAI8AkQCTAJ0AqgCvALcAuQKpAq4CtwLCAsYC1ALbAuQDFQMaAx0AAAAAAAACAQAA
AAAAAAAoAAAAAAAAAAAAAAAAAAADKg==}}

@article{27702,
	Address = {Essex, UK},
	Author = {Laird,, John E. and Newell,, Allen and Rosenbloom,, Paul S.},
	Date-Added = {2009-03-30 17:56:36 -0400},
	Date-Modified = {2009-03-30 17:58:00 -0400},
	Doi = {http://dx.doi.org/10.1016/0004-3702(87)90050-6},
	Issn = {0004-3702},
	Journal = {Artif. Intell.},
	Keywords = {SOAR, cognitive modelling},
	Number = {1},
	Pages = {1--64},
	Publisher = {Elsevier Science Publishers Ltd.},
	Title = {SOAR: an architecture for general intelligence},
	Volume = {33},
	Year = {1987},
	Bdsk-File-1 = {YnBsaXN0MDDUAQIDBAUGCQpYJHZlcnNpb25UJHRvcFkkYXJjaGl2ZXJYJG9iamVjdHMSAAGGoNE
HCFRyb290gAFfEA9OU0tleWVkQXJjaGl2ZXKoCwwXGBkdJCVVJG51bGzTDQ4PEBEUViRjbGFzc1
dOUy5rZXlzWk5TLm9iamVjdHOAB6ISE4ACgAOiFRaABIAGWWFsaWFzRGF0YVxyZWxhdGl2ZVBhd
GjSDRobHFdOUy5kYXRhgAVPEQGkAAAAAAGkAAIAAAxNYWNpbnRvc2ggSEQAAAAAAAAAAAAAAAAA
AADE2INmSCsAAABYfbUNc2RhcnRpY2xlLnBkZgAAAAAAAAAAAAAAAAAAAAAAAAAAAAAAAAAAAAA
AAAAAAAAAAAAAAAAAAAAAAAAAAAAAAFlI6sX2t80AAAAAAAAAAAABAAMAAAkgAAAAAAAAAAAAAA
AAAAAABFNPQVIAEAAIAADE2LumAAAAEQAIAADF9vANAAAAAQAYAFh9tQBYfqIAI8ygAAxg+wAML
2kACzGtAAIARE1hY2ludG9zaCBIRDpVc2VyczpyZXViZW46Q291cnNlczpSZXNlYXJjaDpQYXBl
cnM6U09BUjpzZGFydGljbGUucGRmAA4AHAANAHMAZABhAHIAdABpAGMAbABlAC4AcABkAGYADwA
aAAwATQBhAGMAaQBuAHQAbwBzAGgAIABIAEQAEgA3VXNlcnMvcmV1YmVuL0NvdXJzZXMvUmVzZW
FyY2gvUGFwZXJzL1NPQVIvc2RhcnRpY2xlLnBkZgAAEwABLwAAFQACAA3//wAA0h4fICFYJGNsY
XNzZXNaJGNsYXNzbmFtZaMhIiNdTlNNdXRhYmxlRGF0YVZOU0RhdGFYTlNPYmplY3RfEBwuLi9Q
YXBlcnMvU09BUi9zZGFydGljbGUucGRm0h4fJieiJyNcTlNEaWN0aW9uYXJ5AAgAEQAaAB8AKQA
yADcAOgA/AEEAUwBcAGIAaQBwAHgAgwCFAIgAigCMAI8AkQCTAJ0AqgCvALcAuQJhAmYCbwJ6An
4CjAKTApwCuwLAAsMAAAAAAAACAQAAAAAAAAAoAAAAAAAAAAAAAAAAAAAC0A==}}

@electronic{soarteam1,
	Abstract = {Fix the author part of the doc
},
	Author = {Soar Team},
	Date-Added = {2009-03-30 17:50:54 -0400},
	Date-Modified = {2009-03-30 17:58:26 -0400},
	Keywords = {SOAR},
	Read = {Yes},
	Title = {Soar: A Comparison with Rule-based Systems},
	Bdsk-File-1 = {YnBsaXN0MDDUAQIDBAUGCQpYJHZlcnNpb25UJHRvcFkkYXJjaGl2ZXJYJG9iamVjdHMSAAGGoNE
HCFRyb290gAFfEA9OU0tleWVkQXJjaGl2ZXKoCwwXGBkdJCVVJG51bGzTDQ4PEBEUViRjbGFzc1
dOUy5rZXlzWk5TLm9iamVjdHOAB6ISE4ACgAOiFRaABIAGWWFsaWFzRGF0YVxyZWxhdGl2ZVBhd
GjSDRobHFdOUy5kYXRhgAVPEQHEAAAAAAHEAAIAAAxNYWNpbnRvc2ggSEQAAAAAAAAAAAAAAAAA
AADE2INmSCsAAABYfbUVU29hclJCU0NvbXBhcmlzb24ucGRmAAAAAAAAAAAAAAAAAAAAAAAAAAA
AAAAAAAAAAAAAAAAAAAAAAAAAAAAAAFk+NsX2kxgAAAAAAAAAAAABAAMAAAkgAAAAAAAAAAAAAA
AAAAAABFNPQVIAEAAIAADE2LumAAAAEQAIAADF9stYAAAAAQAYAFh9tQBYfqIAI8ygAAxg+wAML
2kACzGtAAIATE1hY2ludG9zaCBIRDpVc2VyczpyZXViZW46Q291cnNlczpSZXNlYXJjaDpQYXBl
cnM6U09BUjpTb2FyUkJTQ29tcGFyaXNvbi5wZGYADgAsABUAUwBvAGEAcgBSAEIAUwBDAG8AbQB
wAGEAcgBpAHMAbwBuAC4AcABkAGYADwAaAAwATQBhAGMAaQBuAHQAbwBzAGgAIABIAEQAEgA/VX
NlcnMvcmV1YmVuL0NvdXJzZXMvUmVzZWFyY2gvUGFwZXJzL1NPQVIvU29hclJCU0NvbXBhcmlzb
24ucGRmAAATAAEvAAAVAAIADf//AADSHh8gIVgkY2xhc3Nlc1okY2xhc3NuYW1loyEiI11OU011
dGFibGVEYXRhVk5TRGF0YVhOU09iamVjdF8QJC4uL1BhcGVycy9TT0FSL1NvYXJSQlNDb21wYXJ
pc29uLnBkZtIeHyYnoicjXE5TRGljdGlvbmFyeQAIABEAGgAfACkAMgA3ADoAPwBBAFMAXABiAG
kAcAB4AIMAhQCIAIoAjACPAJEAkwCdAKoArwC3ALkCgQKGAo8CmgKeAqwCswK8AuMC6ALrAAAAA
AAAAgEAAAAAAAAAKAAAAAAAAAAAAAAAAAAAAvg=}}

@article{Newell1980135,
	Author = {Allen Newell},
	Date-Added = {2009-03-27 15:29:20 -0400},
	Date-Modified = {2009-03-27 15:30:32 -0400},
	Issn = {0364-0213},
	Journal = {Cognitive Science},
	Keywords = {symbolic systems},
	Number = {2},
	Pages = {135 - 183},
	Title = {Physical symbol systems},
	Url = {http://www.sciencedirect.com/science/article/B6W48-4DXC49N-1J/2/8f6b85ff44deb4eefabfd6a19f9c77bb},
	Volume = {4},
	Year = {1980},
	Bdsk-File-1 = {YnBsaXN0MDDUAQIDBAUGCQpYJHZlcnNpb25UJHRvcFkkYXJjaGl2ZXJYJG9iamVjdHMSAAGGoNE
HCFRyb290gAFfEA9OU0tleWVkQXJjaGl2ZXKoCwwXGBkdJCVVJG51bGzTDQ4PEBEUViRjbGFzc1
dOUy5rZXlzWk5TLm9iamVjdHOAB6ISE4ACgAOiFRaABIAGWWFsaWFzRGF0YVxyZWxhdGl2ZVBhd
GjSDRobHFdOUy5kYXRhgAVPEQHSAAAAAAHSAAIAAAxNYWNpbnRvc2ggSEQAAAAAAAAAAAAAAAAA
AADE2INmSCsAAABYhSoNc2RhcnRpY2xlLnBkZgAAAAAAAAAAAAAAAAAAAAAAAAAAAAAAAAAAAAA
AAAAAAAAAAAAAAAAAAAAAAAAAAAAAAFiFA8XyoBUAAAAAAAAAAAABAAMAAAkgAAAAAAAAAAAAAA
AAAAAAE0NvZ25pdGl2ZSBNb2RlbGxpbmcAABAACAAAxNi7pgAAABEACAAAxfLYVQAAAAEAGABYh
SoAWH6iACPMoAAMYPsADC9pAAsxrQACAFNNYWNpbnRvc2ggSEQ6VXNlcnM6cmV1YmVuOkNvdXJz
ZXM6UmVzZWFyY2g6UGFwZXJzOkNvZ25pdGl2ZSBNb2RlbGxpbmc6c2RhcnRpY2xlLnBkZgAADgA
cAA0AcwBkAGEAcgB0AGkAYwBsAGUALgBwAGQAZgAPABoADABNAGEAYwBpAG4AdABvAHMAaAAgAE
gARAASAEZVc2Vycy9yZXViZW4vQ291cnNlcy9SZXNlYXJjaC9QYXBlcnMvQ29nbml0aXZlIE1vZ
GVsbGluZy9zZGFydGljbGUucGRmABMAAS8AABUAAgAN//8AANIeHyAhWCRjbGFzc2VzWiRjbGFz
c25hbWWjISIjXU5TTXV0YWJsZURhdGFWTlNEYXRhWE5TT2JqZWN0XxArLi4vUGFwZXJzL0NvZ25
pdGl2ZSBNb2RlbGxpbmcvc2RhcnRpY2xlLnBkZtIeHyYnoicjXE5TRGljdGlvbmFyeQAIABEAGg
AfACkAMgA3ADoAPwBBAFMAXABiAGkAcAB4AIMAhQCIAIoAjACPAJEAkwCdAKoArwC3ALkCjwKUA
p0CqAKsAroCwQLKAvgC/QMAAAAAAAAAAgEAAAAAAAAAKAAAAAAAAAAAAAAAAAAAAw0=}}

@article{Lewis:1999yq,
	Author = {R. L. Lewis},
	Date-Added = {2009-03-27 13:07:29 -0400},
	Date-Modified = {2009-03-27 13:20:38 -0400},
	Journal = {The MIT encyclopedia of the cognitive sciences},
	Keywords = {symbolic, cognitive modelling, soar},
	Title = {Cognitive Modelling, Symbolic},
	Year = {1999},
	Bdsk-File-1 = {YnBsaXN0MDDUAQIDBAUGCQpYJHZlcnNpb25UJHRvcFkkYXJjaGl2ZXJYJG9iamVjdHMSAAGGoNE
HCFRyb290gAFfEA9OU0tleWVkQXJjaGl2ZXKoCwwXGBkdJCVVJG51bGzTDQ4PEBEUViRjbGFzc1
dOUy5rZXlzWk5TLm9iamVjdHOAB6ISE4ACgAOiFRaABIAGWWFsaWFzRGF0YVxyZWxhdGl2ZVBhd
GjSDRobHFdOUy5kYXRhgAVPEQG4AAAAAAG4AAIAAAxNYWNpbnRvc2ggSEQAAAAAAAAAAAAAAAAA
AADE2INmSCsAAABYfbUSbWl0ZWNzLWFydGljbGUucGRmAAAAAAAAAAAAAAAAAAAAAAAAAAAAAAA
AAAAAAAAAAAAAAAAAAAAAAAAAAAAAAFiHuMXyfucAAAAAAAAAAAABAAMAAAkgAAAAAAAAAAAAAA
AAAAAABFNPQVIAEAAIAADE2LumAAAAEQAIAADF8rcnAAAAAQAYAFh9tQBYfqIAI8ygAAxg+wAML
2kACzGtAAIASU1hY2ludG9zaCBIRDpVc2VyczpyZXViZW46Q291cnNlczpSZXNlYXJjaDpQYXBl
cnM6U09BUjptaXRlY3MtYXJ0aWNsZS5wZGYAAA4AJgASAG0AaQB0AGUAYwBzAC0AYQByAHQAaQB
jAGwAZQAuAHAAZABmAA8AGgAMAE0AYQBjAGkAbgB0AG8AcwBoACAASABEABIAPFVzZXJzL3JldW
Jlbi9Db3Vyc2VzL1Jlc2VhcmNoL1BhcGVycy9TT0FSL21pdGVjcy1hcnRpY2xlLnBkZgATAAEvA
AAVAAIADf//AADSHh8gIVgkY2xhc3Nlc1okY2xhc3NuYW1loyEiI11OU011dGFibGVEYXRhVk5T
RGF0YVhOU09iamVjdF8QIS4uL1BhcGVycy9TT0FSL21pdGVjcy1hcnRpY2xlLnBkZtIeHyYnoic
jXE5TRGljdGlvbmFyeQAIABEAGgAfACkAMgA3ADoAPwBBAFMAXABiAGkAcAB4AIMAhQCIAIoAjA
CPAJEAkwCdAKoArwC3ALkCdQJ6AoMCjgKSAqACpwKwAtQC2QLcAAAAAAAAAgEAAAAAAAAAKAAAA
AAAAAAAAAAAAAAAAuk=}}
